%YAML 1.1
%TAG !u! tag:unity3d.com,2011:
--- !u!1 &12673205770099465
GameObject:
  m_ObjectHideFlags: 0
  m_CorrespondingSourceObject: {fileID: 0}
  m_PrefabInstance: {fileID: 0}
  m_PrefabAsset: {fileID: 0}
  serializedVersion: 6
  m_Component:
  - component: {fileID: 4968294042737066620}
  m_Layer: 0
  m_Name: mixamorig:Hips
  m_TagString: Untagged
  m_Icon: {fileID: 0}
  m_NavMeshLayer: 0
  m_StaticEditorFlags: 0
  m_IsActive: 1
--- !u!4 &4968294042737066620
Transform:
  m_ObjectHideFlags: 0
  m_CorrespondingSourceObject: {fileID: 0}
  m_PrefabInstance: {fileID: 0}
  m_PrefabAsset: {fileID: 0}
  m_GameObject: {fileID: 12673205770099465}
  serializedVersion: 2
  m_LocalRotation: {x: 0.014752731, y: 0.0000000036672896, z: -0.00000019996709, w: 0.9998912}
  m_LocalPosition: {x: 0.00000006498344, y: 1.001165, z: -0.009497832}
  m_LocalScale: {x: 1, y: 1, z: 1}
  m_ConstrainProportionsScale: 0
  m_Children:
  - {fileID: 3219069069873347328}
  - {fileID: 9112889558729225539}
  - {fileID: 4655056034677797359}
  m_Father: {fileID: 622270630527902440}
  m_LocalEulerAnglesHint: {x: 0, y: 0, z: 0}
--- !u!1 &91875551220034678
GameObject:
  m_ObjectHideFlags: 0
  m_CorrespondingSourceObject: {fileID: 0}
  m_PrefabInstance: {fileID: 0}
  m_PrefabAsset: {fileID: 0}
  serializedVersion: 6
  m_Component:
  - component: {fileID: 894259508344792651}
  m_Layer: 0
  m_Name: mixamorig:RightHandThumb4
  m_TagString: Untagged
  m_Icon: {fileID: 0}
  m_NavMeshLayer: 0
  m_StaticEditorFlags: 0
  m_IsActive: 1
--- !u!4 &894259508344792651
Transform:
  m_ObjectHideFlags: 0
  m_CorrespondingSourceObject: {fileID: 0}
  m_PrefabInstance: {fileID: 0}
  m_PrefabAsset: {fileID: 0}
  m_GameObject: {fileID: 91875551220034678}
  serializedVersion: 2
  m_LocalRotation: {x: 0.009239006, y: 0.12713031, z: 0.07232842, w: 0.98920226}
  m_LocalPosition: {x: 0.00000023137103, y: 0.044128776, z: 0.00000019813739}
  m_LocalScale: {x: 1, y: 1, z: 1}
  m_ConstrainProportionsScale: 0
  m_Children: []
  m_Father: {fileID: 1505946042921055257}
  m_LocalEulerAnglesHint: {x: 0, y: 0, z: 0}
--- !u!1 &281879029860431954
GameObject:
  m_ObjectHideFlags: 0
  m_CorrespondingSourceObject: {fileID: 0}
  m_PrefabInstance: {fileID: 0}
  m_PrefabAsset: {fileID: 0}
  serializedVersion: 6
  m_Component:
  - component: {fileID: 622270630527902440}
  - component: {fileID: 6792152833077278866}
  - component: {fileID: 3257617168968429717}
  - component: {fileID: 2997868814456067990}
  - component: {fileID: 3341435720529027155}
  - component: {fileID: 4112239855669466980}
  - component: {fileID: 3092323287569678751}
  - component: {fileID: 9047914261493578348}
  m_Layer: 0
  m_Name: castle_guard_01
  m_TagString: Untagged
  m_Icon: {fileID: 0}
  m_NavMeshLayer: 0
  m_StaticEditorFlags: 0
  m_IsActive: 1
--- !u!4 &622270630527902440
Transform:
  m_ObjectHideFlags: 0
  m_CorrespondingSourceObject: {fileID: 0}
  m_PrefabInstance: {fileID: 0}
  m_PrefabAsset: {fileID: 0}
  m_GameObject: {fileID: 281879029860431954}
  serializedVersion: 2
  m_LocalRotation: {x: 0, y: 0, z: 0, w: 1}
  m_LocalPosition: {x: 3.168621, y: 0.01999998, z: 5.0481133}
  m_LocalScale: {x: 1, y: 1, z: 1}
  m_ConstrainProportionsScale: 0
  m_Children:
  - {fileID: 5446175028214658677}
  - {fileID: 4968294042737066620}
  - {fileID: 2500277292683704629}
  - {fileID: 1297087942018465568}
  m_Father: {fileID: 0}
  m_LocalEulerAnglesHint: {x: 0, y: 0, z: 0}
--- !u!95 &6792152833077278866
Animator:
  serializedVersion: 5
  m_ObjectHideFlags: 0
  m_CorrespondingSourceObject: {fileID: 0}
  m_PrefabInstance: {fileID: 0}
  m_PrefabAsset: {fileID: 0}
  m_GameObject: {fileID: 281879029860431954}
  m_Enabled: 1
  m_Avatar: {fileID: 9000000, guid: e6194d267a38a2d4e9bcfa8bfc3b53bf, type: 3}
  m_Controller: {fileID: 9100000, guid: b8979e31042a23d42b97375b5d843cef, type: 2}
  m_CullingMode: 1
  m_UpdateMode: 0
  m_ApplyRootMotion: 0
  m_LinearVelocityBlending: 0
  m_StabilizeFeet: 0
  m_WarningMessage: 
  m_HasTransformHierarchy: 1
  m_AllowConstantClipSamplingOptimization: 1
  m_KeepAnimatorStateOnDisable: 0
  m_WriteDefaultValuesOnDisable: 0
--- !u!54 &3257617168968429717
Rigidbody:
  m_ObjectHideFlags: 0
  m_CorrespondingSourceObject: {fileID: 0}
  m_PrefabInstance: {fileID: 0}
  m_PrefabAsset: {fileID: 0}
  m_GameObject: {fileID: 281879029860431954}
  serializedVersion: 4
  m_Mass: 1
  m_Drag: 0
  m_AngularDrag: 0.05
  m_CenterOfMass: {x: 0, y: 0, z: 0}
  m_InertiaTensor: {x: 1, y: 1, z: 1}
  m_InertiaRotation: {x: 0, y: 0, z: 0, w: 1}
  m_IncludeLayers:
    serializedVersion: 2
    m_Bits: 0
  m_ExcludeLayers:
    serializedVersion: 2
    m_Bits: 0
  m_ImplicitCom: 1
  m_ImplicitTensor: 1
  m_UseGravity: 1
  m_IsKinematic: 0
  m_Interpolate: 0
  m_Constraints: 80
  m_CollisionDetection: 0
--- !u!136 &2997868814456067990
CapsuleCollider:
  m_ObjectHideFlags: 0
  m_CorrespondingSourceObject: {fileID: 0}
  m_PrefabInstance: {fileID: 0}
  m_PrefabAsset: {fileID: 0}
  m_GameObject: {fileID: 281879029860431954}
  m_Material: {fileID: 0}
  m_IncludeLayers:
    serializedVersion: 2
    m_Bits: 0
  m_ExcludeLayers:
    serializedVersion: 2
    m_Bits: 0
  m_LayerOverridePriority: 0
  m_IsTrigger: 0
  m_ProvidesContacts: 0
  m_Enabled: 1
  serializedVersion: 2
  m_Radius: 0.26961198
  m_Height: 2.1531243
  m_Direction: 1
  m_Center: {x: 8.665068e-12, y: 1.0453415, z: 0.0053836703}
--- !u!114 &3341435720529027155
MonoBehaviour:
  m_ObjectHideFlags: 0
  m_CorrespondingSourceObject: {fileID: 0}
  m_PrefabInstance: {fileID: 0}
  m_PrefabAsset: {fileID: 0}
  m_GameObject: {fileID: 281879029860431954}
  m_Enabled: 1
  m_EditorHideFlags: 0
  m_Script: {fileID: 11500000, guid: f66df1868bcbc5944ac3fa1364a34d18, type: 3}
  m_Name: 
  m_EditorClassIdentifier: 
  _componentIndexCache: 0
  _addedNetworkObject: {fileID: 3092323287569678751}
  _networkObjectCache: {fileID: 3092323287569678751}
  speed: 5
  rotationSpeed: 10
  FL: {fileID: 1703109758467291865}
--- !u!114 &4112239855669466980
MonoBehaviour:
  m_ObjectHideFlags: 0
  m_CorrespondingSourceObject: {fileID: 0}
  m_PrefabInstance: {fileID: 0}
  m_PrefabAsset: {fileID: 0}
  m_GameObject: {fileID: 281879029860431954}
  m_Enabled: 1
  m_EditorHideFlags: 0
  m_Script: {fileID: 11500000, guid: a2836e36774ca1c4bbbee976e17b649c, type: 3}
  m_Name: 
  m_EditorClassIdentifier: 
  _componentIndexCache: 1
  _addedNetworkObject: {fileID: 3092323287569678751}
  _networkObjectCache: {fileID: 3092323287569678751}
  _componentConfiguration: 1
  _synchronizeParent: 0
  _packing:
    Position: 1
    Rotation: 1
    Scale: 0
  _interpolation: 2
  _extrapolation: 2
  _enableTeleport: 0
  _teleportThreshold: 1
  _scaleThreshold: 1
  _clientAuthoritative: 1
  _sendToOwner: 1
  _enableNetworkLod: 1
  _interval: 1
  _synchronizePosition: 1
  _positionSnapping:
    X: 0
    Y: 0
    Z: 0
  _synchronizeRotation: 1
  _rotationSnapping:
    X: 0
    Y: 0
    Z: 0
  _synchronizeScale: 1
  _scaleSnapping:
    X: 0
    Y: 0
    Z: 0
--- !u!114 &3092323287569678751
MonoBehaviour:
  m_ObjectHideFlags: 0
  m_CorrespondingSourceObject: {fileID: 0}
  m_PrefabInstance: {fileID: 0}
  m_PrefabAsset: {fileID: 0}
  m_GameObject: {fileID: 281879029860431954}
  m_Enabled: 1
  m_EditorHideFlags: 0
  m_Script: {fileID: 11500000, guid: 26b716c41e9b56b4baafaf13a523ba2e, type: 3}
  m_Name: 
  m_EditorClassIdentifier: 
  <IsNested>k__BackingField: 0
  <ComponentIndex>k__BackingField: 0
  <PredictedSpawn>k__BackingField: {fileID: 0}
  _networkBehaviours:
  - {fileID: 3341435720529027155}
  - {fileID: 4112239855669466980}
  - {fileID: 9047914261493578348}
  <ParentNetworkObject>k__BackingField: {fileID: 0}
  <ChildNetworkObjects>k__BackingField: []
  SerializedTransformProperties:
    Position: {x: 3.168621, y: 0.01999998, z: 5.0481133}
    Rotation: {x: -0, y: -0, z: -0, w: 1}
    LocalScale: {x: 1, y: 1, z: 1}
  _isNetworked: 1
  _isGlobal: 0
  _initializeOrder: 0
  _defaultDespawnType: 0
  NetworkObserver: {fileID: 0}
  <PrefabId>k__BackingField: 15
  <SpawnableCollectionId>k__BackingField: 0
  _scenePathHash: 4056541782
  <SceneId>k__BackingField: 0
  <AssetPathHash>k__BackingField: 17997264894568381494
--- !u!114 &9047914261493578348
MonoBehaviour:
  m_ObjectHideFlags: 0
  m_CorrespondingSourceObject: {fileID: 0}
  m_PrefabInstance: {fileID: 0}
  m_PrefabAsset: {fileID: 0}
  m_GameObject: {fileID: 281879029860431954}
  m_Enabled: 1
  m_EditorHideFlags: 0
  m_Script: {fileID: 11500000, guid: e8cac635f24954048aad3a6ff9110beb, type: 3}
  m_Name: 
  m_EditorClassIdentifier: 
  _componentIndexCache: 2
  _addedNetworkObject: {fileID: 3092323287569678751}
  _networkObjectCache: {fileID: 3092323287569678751}
  IgnoredParameters: []
  _animator: {fileID: 6792152833077278866}
  _smoothFloats: 1
  _interpolation: 2
  _clientAuthoritative: 1
  _sendToOwner: 0
--- !u!1 &840693369115020981
GameObject:
  m_ObjectHideFlags: 0
  m_CorrespondingSourceObject: {fileID: 0}
  m_PrefabInstance: {fileID: 0}
  m_PrefabAsset: {fileID: 0}
  serializedVersion: 6
  m_Component:
  - component: {fileID: 5446175028214658677}
  - component: {fileID: 4946877677118828365}
  m_Layer: 0
  m_Name: Guard02
  m_TagString: Untagged
  m_Icon: {fileID: 0}
  m_NavMeshLayer: 0
  m_StaticEditorFlags: 0
  m_IsActive: 1
--- !u!4 &5446175028214658677
Transform:
  m_ObjectHideFlags: 0
  m_CorrespondingSourceObject: {fileID: 0}
  m_PrefabInstance: {fileID: 0}
  m_PrefabAsset: {fileID: 0}
  m_GameObject: {fileID: 840693369115020981}
  serializedVersion: 2
  m_LocalRotation: {x: 0, y: -0, z: -0, w: 1}
  m_LocalPosition: {x: -3.98, y: 1.02, z: 0}
  m_LocalScale: {x: 1, y: 1, z: 1}
  m_ConstrainProportionsScale: 0
  m_Children: []
  m_Father: {fileID: 622270630527902440}
  m_LocalEulerAnglesHint: {x: 0, y: 0, z: 0}
--- !u!137 &4946877677118828365
SkinnedMeshRenderer:
  m_ObjectHideFlags: 0
  m_CorrespondingSourceObject: {fileID: 0}
  m_PrefabInstance: {fileID: 0}
  m_PrefabAsset: {fileID: 0}
  m_GameObject: {fileID: 840693369115020981}
  m_Enabled: 1
  m_CastShadows: 1
  m_ReceiveShadows: 1
  m_DynamicOccludee: 1
  m_StaticShadowCaster: 0
  m_MotionVectors: 1
  m_LightProbeUsage: 1
  m_ReflectionProbeUsage: 1
  m_RayTracingMode: 3
  m_RayTraceProcedural: 0
  m_RenderingLayerMask: 1
  m_RendererPriority: 0
  m_Materials:
  - {fileID: -3206035218826325296, guid: e6194d267a38a2d4e9bcfa8bfc3b53bf, type: 3}
  m_StaticBatchInfo:
    firstSubMesh: 0
    subMeshCount: 0
  m_StaticBatchRoot: {fileID: 0}
  m_ProbeAnchor: {fileID: 0}
  m_LightProbeVolumeOverride: {fileID: 0}
  m_ScaleInLightmap: 1
  m_ReceiveGI: 1
  m_PreserveUVs: 0
  m_IgnoreNormalsForChartDetection: 0
  m_ImportantGI: 0
  m_StitchLightmapSeams: 1
  m_SelectedEditorRenderState: 3
  m_MinimumChartSize: 4
  m_AutoUVMaxDistance: 0.5
  m_AutoUVMaxAngle: 89
  m_LightmapParameters: {fileID: 0}
  m_SortingLayerID: 0
  m_SortingLayer: 0
  m_SortingOrder: 0
  serializedVersion: 2
  m_Quality: 0
  m_UpdateWhenOffscreen: 0
  m_SkinnedMotionVectors: 1
  m_Mesh: {fileID: 3632185829967231944, guid: e6194d267a38a2d4e9bcfa8bfc3b53bf, type: 3}
  m_Bones:
  - {fileID: 4968294042737066620}
  - {fileID: 4655056034677797359}
  - {fileID: 2271970077439927559}
  - {fileID: 737724791805908332}
  - {fileID: 6144162364157827345}
  - {fileID: 6831447302339768427}
  - {fileID: 8617464193313420421}
  - {fileID: 3490373791497155223}
  - {fileID: 7679835899377205519}
  - {fileID: 3368217523291080183}
  - {fileID: 6878595681051612731}
  - {fileID: 7637901286177340410}
  - {fileID: 6130633284525871296}
  - {fileID: 5270960674967013717}
  - {fileID: 3457703842175788249}
  - {fileID: 106135258783668405}
  - {fileID: 2860209068394018072}
  - {fileID: 2116636372732677871}
  - {fileID: 7299633784690780491}
  - {fileID: 7581558103487093560}
  - {fileID: 247987243808481693}
  - {fileID: 7860094668227771550}
  - {fileID: 6660186568915589638}
  - {fileID: 3223267004733141163}
  - {fileID: 1629645970965838539}
  - {fileID: 8796118990266388989}
  - {fileID: 8989801014282304926}
  - {fileID: 1505946042921055257}
  - {fileID: 894259508344792651}
  - {fileID: 9083020496197026725}
  - {fileID: 4379646223957884168}
  - {fileID: 5302277746193419841}
  - {fileID: 7000228448170878174}
  - {fileID: 3219069069873347328}
  - {fileID: 7788593127760847838}
  - {fileID: 3436412641032346418}
  - {fileID: 6243286037530310061}
  - {fileID: 3977118354797539451}
  - {fileID: 9112889558729225539}
  - {fileID: 4839924160662424537}
  - {fileID: 529515734697108351}
  - {fileID: 2833251341349442475}
  - {fileID: 6957057282247504649}
  m_BlendShapeWeights: []
  m_RootBone: {fileID: 4968294042737066620}
  m_AABB:
    m_Center: {x: 0.004522562, y: -0.055763423, z: 0.039669618}
    m_Extent: {x: 1.2686824, y: 1.1587441, z: 0.30398476}
  m_DirtyAABB: 0
--- !u!1 &952270329246517061
GameObject:
  m_ObjectHideFlags: 0
  m_CorrespondingSourceObject: {fileID: 0}
  m_PrefabInstance: {fileID: 0}
  m_PrefabAsset: {fileID: 0}
  serializedVersion: 6
  m_Component:
  - component: {fileID: 6660186568915589638}
  m_Layer: 0
  m_Name: mixamorig:RightArm
  m_TagString: Untagged
  m_Icon: {fileID: 0}
  m_NavMeshLayer: 0
  m_StaticEditorFlags: 0
  m_IsActive: 1
--- !u!4 &6660186568915589638
Transform:
  m_ObjectHideFlags: 0
  m_CorrespondingSourceObject: {fileID: 0}
  m_PrefabInstance: {fileID: 0}
  m_PrefabAsset: {fileID: 0}
  m_GameObject: {fileID: 952270329246517061}
  serializedVersion: 2
  m_LocalRotation: {x: -0.23693103, y: -0.00089336984, z: 0.0036637778, w: 0.9715192}
  m_LocalPosition: {x: 4.440892e-18, y: 0.11940486, z: 2.5579537e-15}
  m_LocalScale: {x: 1, y: 1, z: 1}
  m_ConstrainProportionsScale: 0
  m_Children:
  - {fileID: 3223267004733141163}
  m_Father: {fileID: 7860094668227771550}
  m_LocalEulerAnglesHint: {x: 0, y: 0, z: 0}
--- !u!1 &1083278142533176314
GameObject:
  m_ObjectHideFlags: 0
  m_CorrespondingSourceObject: {fileID: 0}
  m_PrefabInstance: {fileID: 0}
  m_PrefabAsset: {fileID: 0}
  serializedVersion: 6
  m_Component:
  - component: {fileID: 7860094668227771550}
  m_Layer: 0
  m_Name: mixamorig:RightShoulder
  m_TagString: Untagged
  m_Icon: {fileID: 0}
  m_NavMeshLayer: 0
  m_StaticEditorFlags: 0
  m_IsActive: 1
--- !u!4 &7860094668227771550
Transform:
  m_ObjectHideFlags: 0
  m_CorrespondingSourceObject: {fileID: 0}
  m_PrefabInstance: {fileID: 0}
  m_PrefabAsset: {fileID: 0}
  m_GameObject: {fileID: 1083278142533176314}
  serializedVersion: 2
  m_LocalRotation: {x: -0.6038702, y: -0.3712829, z: 0.60456324, w: -0.36330855}
  m_LocalPosition: {x: 0.14211868, y: 0.23227409, z: -0.012685577}
  m_LocalScale: {x: 1, y: 1, z: 1}
  m_ConstrainProportionsScale: 0
  m_Children:
  - {fileID: 6660186568915589638}
  m_Father: {fileID: 737724791805908332}
  m_LocalEulerAnglesHint: {x: 0, y: 0, z: 0}
--- !u!1 &1653201063472269164
GameObject:
  m_ObjectHideFlags: 0
  m_CorrespondingSourceObject: {fileID: 0}
  m_PrefabInstance: {fileID: 0}
  m_PrefabAsset: {fileID: 0}
  serializedVersion: 6
  m_Component:
  - component: {fileID: 9083020496197026725}
  m_Layer: 0
  m_Name: mixamorig:RightHandIndex1
  m_TagString: Untagged
  m_Icon: {fileID: 0}
  m_NavMeshLayer: 0
  m_StaticEditorFlags: 0
  m_IsActive: 1
--- !u!4 &9083020496197026725
Transform:
  m_ObjectHideFlags: 0
  m_CorrespondingSourceObject: {fileID: 0}
  m_PrefabInstance: {fileID: 0}
  m_PrefabAsset: {fileID: 0}
  m_GameObject: {fileID: 1653201063472269164}
  serializedVersion: 2
  m_LocalRotation: {x: -0.003457021, y: 0.0000000034552425, z: 0.000002640749, w: 0.99999404}
  m_LocalPosition: {x: -0.0000010298431, y: 0.21103011, z: -0.0014587207}
  m_LocalScale: {x: 1, y: 1, z: 1}
  m_ConstrainProportionsScale: 0
  m_Children:
  - {fileID: 4379646223957884168}
  m_Father: {fileID: 1629645970965838539}
  m_LocalEulerAnglesHint: {x: 0, y: 0, z: 0}
--- !u!1 &1914427061455006136
GameObject:
  m_ObjectHideFlags: 0
  m_CorrespondingSourceObject: {fileID: 0}
  m_PrefabInstance: {fileID: 0}
  m_PrefabAsset: {fileID: 0}
  serializedVersion: 6
  m_Component:
  - component: {fileID: 4655056034677797359}
  m_Layer: 0
  m_Name: mixamorig:Spine
  m_TagString: Untagged
  m_Icon: {fileID: 0}
  m_NavMeshLayer: 0
  m_StaticEditorFlags: 0
  m_IsActive: 1
--- !u!4 &4655056034677797359
Transform:
  m_ObjectHideFlags: 0
  m_CorrespondingSourceObject: {fileID: 0}
  m_PrefabInstance: {fileID: 0}
  m_PrefabAsset: {fileID: 0}
  m_GameObject: {fileID: 1914427061455006136}
  serializedVersion: 2
  m_LocalRotation: {x: -0.012454478, y: -0.000000003207625, z: 0.00000017918383, w: 0.99992245}
  m_LocalPosition: {x: -2.654785e-12, y: 0.14658831, z: -1.687539e-16}
  m_LocalScale: {x: 1, y: 1, z: 1}
  m_ConstrainProportionsScale: 0
  m_Children:
  - {fileID: 2271970077439927559}
  m_Father: {fileID: 4968294042737066620}
  m_LocalEulerAnglesHint: {x: 0, y: 0, z: 0}
--- !u!1 &2143000861453333230
GameObject:
  m_ObjectHideFlags: 0
  m_CorrespondingSourceObject: {fileID: 0}
  m_PrefabInstance: {fileID: 0}
  m_PrefabAsset: {fileID: 0}
  serializedVersion: 6
  m_Component:
  - component: {fileID: 6243286037530310061}
  m_Layer: 0
  m_Name: mixamorig:LeftToeBase
  m_TagString: Untagged
  m_Icon: {fileID: 0}
  m_NavMeshLayer: 0
  m_StaticEditorFlags: 0
  m_IsActive: 1
--- !u!4 &6243286037530310061
Transform:
  m_ObjectHideFlags: 0
  m_CorrespondingSourceObject: {fileID: 0}
  m_PrefabInstance: {fileID: 0}
  m_PrefabAsset: {fileID: 0}
  m_GameObject: {fileID: 2143000861453333230}
  serializedVersion: 2
  m_LocalRotation: {x: 0.37272465, y: -0.086057566, z: -0.033707917, w: 0.9233278}
  m_LocalPosition: {x: 5.3290704e-17, y: 0.23784925, z: -8.8817837e-17}
  m_LocalScale: {x: 1, y: 1, z: 1}
  m_ConstrainProportionsScale: 0
  m_Children:
  - {fileID: 3977118354797539451}
  m_Father: {fileID: 3436412641032346418}
  m_LocalEulerAnglesHint: {x: 0, y: 0, z: 0}
--- !u!1 &2245544133416328770
GameObject:
  m_ObjectHideFlags: 0
  m_CorrespondingSourceObject: {fileID: 0}
  m_PrefabInstance: {fileID: 0}
  m_PrefabAsset: {fileID: 0}
  serializedVersion: 6
  m_Component:
  - component: {fileID: 2500277292683704629}
  m_Layer: 0
  m_Name: CameraFocus
  m_TagString: Untagged
  m_Icon: {fileID: 0}
  m_NavMeshLayer: 0
  m_StaticEditorFlags: 0
  m_IsActive: 1
--- !u!4 &2500277292683704629
Transform:
  m_ObjectHideFlags: 0
  m_CorrespondingSourceObject: {fileID: 0}
  m_PrefabInstance: {fileID: 0}
  m_PrefabAsset: {fileID: 0}
  m_GameObject: {fileID: 2245544133416328770}
  serializedVersion: 2
  m_LocalRotation: {x: 0, y: 0, z: 0, w: 1}
  m_LocalPosition: {x: 0, y: 0.8, z: 0}
  m_LocalScale: {x: 1, y: 1, z: 1}
  m_ConstrainProportionsScale: 0
  m_Children: []
  m_Father: {fileID: 622270630527902440}
  m_LocalEulerAnglesHint: {x: 0, y: 0, z: 0}
--- !u!1 &2291476939245348919
GameObject:
  m_ObjectHideFlags: 0
  m_CorrespondingSourceObject: {fileID: 0}
  m_PrefabInstance: {fileID: 0}
  m_PrefabAsset: {fileID: 0}
  serializedVersion: 6
  m_Component:
  - component: {fileID: 7581558103487093560}
  m_Layer: 0
  m_Name: mixamorig:LeftHandIndex3
  m_TagString: Untagged
  m_Icon: {fileID: 0}
  m_NavMeshLayer: 0
  m_StaticEditorFlags: 0
  m_IsActive: 1
--- !u!4 &7581558103487093560
Transform:
  m_ObjectHideFlags: 0
  m_CorrespondingSourceObject: {fileID: 0}
  m_PrefabInstance: {fileID: 0}
  m_PrefabAsset: {fileID: 0}
  m_GameObject: {fileID: 2291476939245348919}
  serializedVersion: 2
  m_LocalRotation: {x: 0.00000023971103, y: 0.000000044696918, z: -0.0000003295904, w: 1}
  m_LocalPosition: {x: -1.1612933e-14, y: 0.05107414, z: 1.0345502e-13}
  m_LocalScale: {x: 1, y: 1, z: 1}
  m_ConstrainProportionsScale: 0
  m_Children:
  - {fileID: 247987243808481693}
  m_Father: {fileID: 7299633784690780491}
  m_LocalEulerAnglesHint: {x: 0, y: 0, z: 0}
--- !u!1 &2642770022923718446
GameObject:
  m_ObjectHideFlags: 0
  m_CorrespondingSourceObject: {fileID: 0}
  m_PrefabInstance: {fileID: 0}
  m_PrefabAsset: {fileID: 0}
  serializedVersion: 6
  m_Component:
  - component: {fileID: 3219069069873347328}
  m_Layer: 0
  m_Name: mixamorig:LeftUpLeg
  m_TagString: Untagged
  m_Icon: {fileID: 0}
  m_NavMeshLayer: 0
  m_StaticEditorFlags: 0
  m_IsActive: 1
--- !u!4 &3219069069873347328
Transform:
  m_ObjectHideFlags: 0
  m_CorrespondingSourceObject: {fileID: 0}
  m_PrefabInstance: {fileID: 0}
  m_PrefabAsset: {fileID: 0}
  m_GameObject: {fileID: 2642770022923718446}
  serializedVersion: 2
  m_LocalRotation: {x: -0.002971215, y: 0.063597746, z: 0.9979711, w: -0.00042788393}
  m_LocalPosition: {x: -0.13025905, y: -0.07109796, z: 0.01068628}
  m_LocalScale: {x: 1, y: 1, z: 1}
  m_ConstrainProportionsScale: 0
  m_Children:
  - {fileID: 7788593127760847838}
  m_Father: {fileID: 4968294042737066620}
  m_LocalEulerAnglesHint: {x: 0, y: 0, z: 0}
--- !u!1 &2655664821401053767
GameObject:
  m_ObjectHideFlags: 0
  m_CorrespondingSourceObject: {fileID: 0}
  m_PrefabInstance: {fileID: 0}
  m_PrefabAsset: {fileID: 0}
  serializedVersion: 6
  m_Component:
  - component: {fileID: 4379646223957884168}
  m_Layer: 0
  m_Name: mixamorig:RightHandIndex2
  m_TagString: Untagged
  m_Icon: {fileID: 0}
  m_NavMeshLayer: 0
  m_StaticEditorFlags: 0
  m_IsActive: 1
--- !u!4 &4379646223957884168
Transform:
  m_ObjectHideFlags: 0
  m_CorrespondingSourceObject: {fileID: 0}
  m_PrefabInstance: {fileID: 0}
  m_PrefabAsset: {fileID: 0}
  m_GameObject: {fileID: 2655664821401053767}
  serializedVersion: 2
  m_LocalRotation: {x: -0.000000059608226, y: 1.0658133e-14, z: -0.00000005960463, w: 1}
  m_LocalPosition: {x: -4.440892e-18, y: 0.05741798, z: 1.1368684e-15}
  m_LocalScale: {x: 1, y: 1, z: 1}
  m_ConstrainProportionsScale: 0
  m_Children:
  - {fileID: 5302277746193419841}
  m_Father: {fileID: 9083020496197026725}
  m_LocalEulerAnglesHint: {x: 0, y: 0, z: 0}
--- !u!1 &2699221411917186819
GameObject:
  m_ObjectHideFlags: 0
  m_CorrespondingSourceObject: {fileID: 0}
  m_PrefabInstance: {fileID: 0}
  m_PrefabAsset: {fileID: 0}
  serializedVersion: 6
  m_Component:
  - component: {fileID: 7788593127760847838}
  m_Layer: 0
  m_Name: mixamorig:LeftLeg
  m_TagString: Untagged
  m_Icon: {fileID: 0}
  m_NavMeshLayer: 0
  m_StaticEditorFlags: 0
  m_IsActive: 1
--- !u!4 &7788593127760847838
Transform:
  m_ObjectHideFlags: 0
  m_CorrespondingSourceObject: {fileID: 0}
  m_PrefabInstance: {fileID: 0}
  m_PrefabAsset: {fileID: 0}
  m_GameObject: {fileID: 2699221411917186819}
  serializedVersion: 2
  m_LocalRotation: {x: -0.123669244, y: -0.0065522715, z: -0.00036837248, w: 0.9923018}
  m_LocalPosition: {x: 1.7763568e-17, y: 0.35904017, z: -1.7763568e-17}
  m_LocalScale: {x: 1, y: 1, z: 1}
  m_ConstrainProportionsScale: 0
  m_Children:
  - {fileID: 3436412641032346418}
  m_Father: {fileID: 3219069069873347328}
  m_LocalEulerAnglesHint: {x: 0, y: 0, z: 0}
--- !u!1 &2815031255026217159
GameObject:
  m_ObjectHideFlags: 0
  m_CorrespondingSourceObject: {fileID: 0}
  m_PrefabInstance: {fileID: 0}
  m_PrefabAsset: {fileID: 0}
  serializedVersion: 6
  m_Component:
  - component: {fileID: 8617464193313420421}
  m_Layer: 0
  m_Name: mixamorig:HeadTop_End
  m_TagString: Untagged
  m_Icon: {fileID: 0}
  m_NavMeshLayer: 0
  m_StaticEditorFlags: 0
  m_IsActive: 1
--- !u!4 &8617464193313420421
Transform:
  m_ObjectHideFlags: 0
  m_CorrespondingSourceObject: {fileID: 0}
  m_PrefabInstance: {fileID: 0}
  m_PrefabAsset: {fileID: 0}
  m_GameObject: {fileID: 2815031255026217159}
  serializedVersion: 2
  m_LocalRotation: {x: 6.938894e-18, y: -0, z: -0, w: 1}
  m_LocalPosition: {x: 0.000000001787347, y: 0.35688367, z: 0.045115132}
  m_LocalScale: {x: 1, y: 1, z: 1}
  m_ConstrainProportionsScale: 0
  m_Children: []
  m_Father: {fileID: 6831447302339768427}
  m_LocalEulerAnglesHint: {x: 0, y: 0, z: 0}
--- !u!1 &2932107192227153678
GameObject:
  m_ObjectHideFlags: 0
  m_CorrespondingSourceObject: {fileID: 0}
  m_PrefabInstance: {fileID: 0}
  m_PrefabAsset: {fileID: 0}
  serializedVersion: 6
  m_Component:
  - component: {fileID: 3368217523291080183}
  m_Layer: 0
  m_Name: mixamorig:LeftShoulder
  m_TagString: Untagged
  m_Icon: {fileID: 0}
  m_NavMeshLayer: 0
  m_StaticEditorFlags: 0
  m_IsActive: 1
--- !u!4 &3368217523291080183
Transform:
  m_ObjectHideFlags: 0
  m_CorrespondingSourceObject: {fileID: 0}
  m_PrefabInstance: {fileID: 0}
  m_PrefabAsset: {fileID: 0}
  m_GameObject: {fileID: 2932107192227153678}
  serializedVersion: 2
  m_LocalRotation: {x: 0.6038736, y: -0.37127727, z: 0.60456663, w: 0.363303}
  m_LocalPosition: {x: -0.14211895, y: 0.23227409, z: -0.012685577}
  m_LocalScale: {x: 1, y: 1, z: 1}
  m_ConstrainProportionsScale: 0
  m_Children:
  - {fileID: 6878595681051612731}
  m_Father: {fileID: 737724791805908332}
  m_LocalEulerAnglesHint: {x: 0, y: 0, z: 0}
--- !u!1 &3064602702899931138
GameObject:
  m_ObjectHideFlags: 0
  m_CorrespondingSourceObject: {fileID: 0}
  m_PrefabInstance: {fileID: 0}
  m_PrefabAsset: {fileID: 0}
  serializedVersion: 6
  m_Component:
  - component: {fileID: 1629645970965838539}
  m_Layer: 0
  m_Name: mixamorig:RightHand
  m_TagString: Untagged
  m_Icon: {fileID: 0}
  m_NavMeshLayer: 0
  m_StaticEditorFlags: 0
  m_IsActive: 1
--- !u!4 &1629645970965838539
Transform:
  m_ObjectHideFlags: 0
  m_CorrespondingSourceObject: {fileID: 0}
  m_PrefabInstance: {fileID: 0}
  m_PrefabAsset: {fileID: 0}
  m_GameObject: {fileID: 3064602702899931138}
  serializedVersion: 2
  m_LocalRotation: {x: 0.0034566424, y: 0.0000001657368, z: -0.00000378549, w: 0.99999404}
  m_LocalPosition: {x: 0.0000007666485, y: 0.32168892, z: -9.249163e-11}
  m_LocalScale: {x: 1, y: 1, z: 1}
  m_ConstrainProportionsScale: 0
  m_Children:
  - {fileID: 9083020496197026725}
  - {fileID: 8796118990266388989}
  m_Father: {fileID: 3223267004733141163}
  m_LocalEulerAnglesHint: {x: 0, y: 0, z: 0}
--- !u!1 &3461499607946140382
GameObject:
  m_ObjectHideFlags: 0
  m_CorrespondingSourceObject: {fileID: 0}
  m_PrefabInstance: {fileID: 0}
  m_PrefabAsset: {fileID: 0}
  serializedVersion: 6
  m_Component:
  - component: {fileID: 2116636372732677871}
  m_Layer: 0
  m_Name: mixamorig:LeftHandIndex1
  m_TagString: Untagged
  m_Icon: {fileID: 0}
  m_NavMeshLayer: 0
  m_StaticEditorFlags: 0
  m_IsActive: 1
--- !u!4 &2116636372732677871
Transform:
  m_ObjectHideFlags: 0
  m_CorrespondingSourceObject: {fileID: 0}
  m_PrefabInstance: {fileID: 0}
  m_PrefabAsset: {fileID: 0}
  m_GameObject: {fileID: 3461499607946140382}
  serializedVersion: 2
  m_LocalRotation: {x: -0.0034942531, y: -0.00000008302566, z: -0.0000022369254, w: 0.9999939}
  m_LocalPosition: {x: 0.0000010804503, y: 0.22748438, z: -0.0015900688}
  m_LocalScale: {x: 1, y: 1, z: 1}
  m_ConstrainProportionsScale: 0
  m_Children:
  - {fileID: 7299633784690780491}
  m_Father: {fileID: 6130633284525871296}
  m_LocalEulerAnglesHint: {x: 0, y: 0, z: 0}
--- !u!1 &3551448532772834511
GameObject:
  m_ObjectHideFlags: 0
  m_CorrespondingSourceObject: {fileID: 0}
  m_PrefabInstance: {fileID: 0}
  m_PrefabAsset: {fileID: 0}
  serializedVersion: 6
  m_Component:
  - component: {fileID: 6130633284525871296}
  m_Layer: 0
  m_Name: mixamorig:LeftHand
  m_TagString: Untagged
  m_Icon: {fileID: 0}
  m_NavMeshLayer: 0
  m_StaticEditorFlags: 0
  m_IsActive: 1
--- !u!4 &6130633284525871296
Transform:
  m_ObjectHideFlags: 0
  m_CorrespondingSourceObject: {fileID: 0}
  m_PrefabInstance: {fileID: 0}
  m_PrefabAsset: {fileID: 0}
  m_GameObject: {fileID: 3551448532772834511}
  serializedVersion: 2
  m_LocalRotation: {x: 0.0034946555, y: -0.00000013047678, z: 0.000005305301, w: 0.9999939}
  m_LocalPosition: {x: -0.0000018061429, y: 0.31834742, z: -2.2032992e-10}
  m_LocalScale: {x: 1, y: 1, z: 1}
  m_ConstrainProportionsScale: 0
  m_Children:
  - {fileID: 2116636372732677871}
  - {fileID: 5270960674967013717}
  m_Father: {fileID: 7637901286177340410}
  m_LocalEulerAnglesHint: {x: 0, y: 0, z: 0}
--- !u!1 &3642456803413653422
GameObject:
  m_ObjectHideFlags: 0
  m_CorrespondingSourceObject: {fileID: 0}
  m_PrefabInstance: {fileID: 0}
  m_PrefabAsset: {fileID: 0}
  serializedVersion: 6
  m_Component:
  - component: {fileID: 5302277746193419841}
  m_Layer: 0
  m_Name: mixamorig:RightHandIndex3
  m_TagString: Untagged
  m_Icon: {fileID: 0}
  m_NavMeshLayer: 0
  m_StaticEditorFlags: 0
  m_IsActive: 1
--- !u!4 &5302277746193419841
Transform:
  m_ObjectHideFlags: 0
  m_CorrespondingSourceObject: {fileID: 0}
  m_PrefabInstance: {fileID: 0}
  m_PrefabAsset: {fileID: 0}
  m_GameObject: {fileID: 3642456803413653422}
  serializedVersion: 2
  m_LocalRotation: {x: -0.000000029796917, y: -3.6228783e-12, z: 0.00000008940696, w: 1}
  m_LocalPosition: {x: -0.0000002017293, y: 0.050318755, z: -0.00000013372174}
  m_LocalScale: {x: 1, y: 1, z: 1}
  m_ConstrainProportionsScale: 0
  m_Children:
  - {fileID: 7000228448170878174}
  m_Father: {fileID: 4379646223957884168}
  m_LocalEulerAnglesHint: {x: 0, y: 0, z: 0}
--- !u!1 &3883743356087011242
GameObject:
  m_ObjectHideFlags: 0
  m_CorrespondingSourceObject: {fileID: 0}
  m_PrefabInstance: {fileID: 0}
  m_PrefabAsset: {fileID: 0}
  serializedVersion: 6
  m_Component:
  - component: {fileID: 1505946042921055257}
  m_Layer: 0
  m_Name: mixamorig:RightHandThumb3
  m_TagString: Untagged
  m_Icon: {fileID: 0}
  m_NavMeshLayer: 0
  m_StaticEditorFlags: 0
  m_IsActive: 1
--- !u!4 &1505946042921055257
Transform:
  m_ObjectHideFlags: 0
  m_CorrespondingSourceObject: {fileID: 0}
  m_PrefabInstance: {fileID: 0}
  m_PrefabAsset: {fileID: 0}
  m_GameObject: {fileID: 3883743356087011242}
  serializedVersion: 2
  m_LocalRotation: {x: 3.8238455e-17, y: -4.8484166e-18, z: 2.7755576e-17, w: 1}
  m_LocalPosition: {x: 0.00000011810023, y: 0.06146449, z: -0.00000006532213}
  m_LocalScale: {x: 1, y: 1, z: 1}
  m_ConstrainProportionsScale: 0
  m_Children:
  - {fileID: 894259508344792651}
  m_Father: {fileID: 8989801014282304926}
  m_LocalEulerAnglesHint: {x: 0, y: 0, z: 0}
--- !u!1 &3909124090560194610
GameObject:
  m_ObjectHideFlags: 0
  m_CorrespondingSourceObject: {fileID: 0}
  m_PrefabInstance: {fileID: 0}
  m_PrefabAsset: {fileID: 0}
  serializedVersion: 6
  m_Component:
  - component: {fileID: 106135258783668405}
  m_Layer: 0
  m_Name: mixamorig:LeftHandThumb3
  m_TagString: Untagged
  m_Icon: {fileID: 0}
  m_NavMeshLayer: 0
  m_StaticEditorFlags: 0
  m_IsActive: 1
--- !u!4 &106135258783668405
Transform:
  m_ObjectHideFlags: 0
  m_CorrespondingSourceObject: {fileID: 0}
  m_PrefabInstance: {fileID: 0}
  m_PrefabAsset: {fileID: 0}
  m_GameObject: {fileID: 3909124090560194610}
  serializedVersion: 2
  m_LocalRotation: {x: 0.00000028888553, y: 0.0000015056562, z: 0.00000032087837, w: 1}
  m_LocalPosition: {x: -0.00000039340014, y: 0.0579724, z: 0.00000007591861}
  m_LocalScale: {x: 1, y: 1, z: 1}
  m_ConstrainProportionsScale: 0
  m_Children:
  - {fileID: 2860209068394018072}
  m_Father: {fileID: 3457703842175788249}
  m_LocalEulerAnglesHint: {x: 0, y: 0, z: 0}
--- !u!1 &3972281879238023017
GameObject:
  m_ObjectHideFlags: 0
  m_CorrespondingSourceObject: {fileID: 0}
  m_PrefabInstance: {fileID: 0}
  m_PrefabAsset: {fileID: 0}
  serializedVersion: 6
  m_Component:
  - component: {fileID: 7679835899377205519}
  m_Layer: 0
  m_Name: mixamorig:Leye
  m_TagString: Untagged
  m_Icon: {fileID: 0}
  m_NavMeshLayer: 0
  m_StaticEditorFlags: 0
  m_IsActive: 1
--- !u!4 &7679835899377205519
Transform:
  m_ObjectHideFlags: 0
  m_CorrespondingSourceObject: {fileID: 0}
  m_PrefabInstance: {fileID: 0}
  m_PrefabAsset: {fileID: 0}
  m_GameObject: {fileID: 3972281879238023017}
  serializedVersion: 2
  m_LocalRotation: {x: 0, y: -0, z: -0, w: 1}
  m_LocalPosition: {x: -0.05362378, y: 0.17465423, z: 0.107966624}
  m_LocalScale: {x: 1, y: 1, z: 1}
  m_ConstrainProportionsScale: 0
  m_Children: []
  m_Father: {fileID: 6831447302339768427}
  m_LocalEulerAnglesHint: {x: 0, y: 0, z: 0}
--- !u!1 &4039321715993591327
GameObject:
  m_ObjectHideFlags: 0
  m_CorrespondingSourceObject: {fileID: 0}
  m_PrefabInstance: {fileID: 0}
  m_PrefabAsset: {fileID: 0}
  serializedVersion: 6
  m_Component:
  - component: {fileID: 247987243808481693}
  m_Layer: 0
  m_Name: mixamorig:LeftHandIndex4
  m_TagString: Untagged
  m_Icon: {fileID: 0}
  m_NavMeshLayer: 0
  m_StaticEditorFlags: 0
  m_IsActive: 1
--- !u!4 &247987243808481693
Transform:
  m_ObjectHideFlags: 0
  m_CorrespondingSourceObject: {fileID: 0}
  m_PrefabInstance: {fileID: 0}
  m_PrefabAsset: {fileID: 0}
  m_GameObject: {fileID: 4039321715993591327}
  serializedVersion: 2
  m_LocalRotation: {x: -0.0000013185163, y: -0.004001603, z: -0.000016146776, w: 0.999992}
  m_LocalPosition: {x: -3.977263e-14, y: 0.031996842, z: 2.842171e-16}
  m_LocalScale: {x: 1, y: 1, z: 1}
  m_ConstrainProportionsScale: 0
  m_Children: []
  m_Father: {fileID: 7581558103487093560}
  m_LocalEulerAnglesHint: {x: 0, y: 0, z: 0}
--- !u!1 &4093627178811355259
GameObject:
  m_ObjectHideFlags: 0
  m_CorrespondingSourceObject: {fileID: 0}
  m_PrefabInstance: {fileID: 0}
  m_PrefabAsset: {fileID: 0}
  serializedVersion: 6
  m_Component:
  - component: {fileID: 6144162364157827345}
  m_Layer: 0
  m_Name: mixamorig:Neck
  m_TagString: Untagged
  m_Icon: {fileID: 0}
  m_NavMeshLayer: 0
  m_StaticEditorFlags: 0
  m_IsActive: 1
--- !u!4 &6144162364157827345
Transform:
  m_ObjectHideFlags: 0
  m_CorrespondingSourceObject: {fileID: 0}
  m_PrefabInstance: {fileID: 0}
  m_PrefabAsset: {fileID: 0}
  m_GameObject: {fileID: 4093627178811355259}
  serializedVersion: 2
  m_LocalRotation: {x: 0.002827706, y: 4.198981e-14, z: 2.2749334e-13, w: 0.999996}
  m_LocalPosition: {x: -0.00000013266241, y: 0.26668522, z: -0.012067354}
  m_LocalScale: {x: 1, y: 1, z: 1}
  m_ConstrainProportionsScale: 0
  m_Children:
  - {fileID: 6831447302339768427}
  m_Father: {fileID: 737724791805908332}
  m_LocalEulerAnglesHint: {x: 0, y: 0, z: 0}
--- !u!1 &4171858792279773256
GameObject:
  m_ObjectHideFlags: 0
  m_CorrespondingSourceObject: {fileID: 0}
  m_PrefabInstance: {fileID: 0}
  m_PrefabAsset: {fileID: 0}
  serializedVersion: 6
  m_Component:
  - component: {fileID: 7637901286177340410}
  m_Layer: 0
  m_Name: mixamorig:LeftForeArm
  m_TagString: Untagged
  m_Icon: {fileID: 0}
  m_NavMeshLayer: 0
  m_StaticEditorFlags: 0
  m_IsActive: 1
--- !u!4 &7637901286177340410
Transform:
  m_ObjectHideFlags: 0
  m_CorrespondingSourceObject: {fileID: 0}
  m_PrefabInstance: {fileID: 0}
  m_PrefabAsset: {fileID: 0}
  m_GameObject: {fileID: 4171858792279773256}
  serializedVersion: 2
  m_LocalRotation: {x: -0.00000033687107, y: 0.000030614916, z: -0.0000028523896, w: 1}
  m_LocalPosition: {x: -0, y: 0.32327598, z: 0}
  m_LocalScale: {x: 1, y: 1, z: 1}
  m_ConstrainProportionsScale: 0
  m_Children:
  - {fileID: 6130633284525871296}
  m_Father: {fileID: 6878595681051612731}
  m_LocalEulerAnglesHint: {x: 0, y: 0, z: 0}
--- !u!1 &4396029205006251786
GameObject:
  m_ObjectHideFlags: 0
  m_CorrespondingSourceObject: {fileID: 0}
  m_PrefabInstance: {fileID: 0}
  m_PrefabAsset: {fileID: 0}
  serializedVersion: 6
  m_Component:
  - component: {fileID: 7000228448170878174}
  m_Layer: 0
  m_Name: mixamorig:RightHandIndex4
  m_TagString: Untagged
  m_Icon: {fileID: 0}
  m_NavMeshLayer: 0
  m_StaticEditorFlags: 0
  m_IsActive: 1
--- !u!4 &7000228448170878174
Transform:
  m_ObjectHideFlags: 0
  m_CorrespondingSourceObject: {fileID: 0}
  m_PrefabInstance: {fileID: 0}
  m_PrefabAsset: {fileID: 0}
  m_GameObject: {fileID: 4396029205006251786}
  serializedVersion: 2
  m_LocalRotation: {x: -0.00007421039, y: 0.0067093065, z: -0.0013778472, w: 0.9999766}
  m_LocalPosition: {x: 0.00000027066096, y: 0.05405365, z: -0.00000044882296}
  m_LocalScale: {x: 1, y: 1, z: 1}
  m_ConstrainProportionsScale: 0
  m_Children: []
  m_Father: {fileID: 5302277746193419841}
  m_LocalEulerAnglesHint: {x: 0, y: 0, z: 0}
--- !u!1 &4465708250991994260
GameObject:
  m_ObjectHideFlags: 0
  m_CorrespondingSourceObject: {fileID: 0}
  m_PrefabInstance: {fileID: 0}
  m_PrefabAsset: {fileID: 0}
  serializedVersion: 6
  m_Component:
  - component: {fileID: 2833251341349442475}
  m_Layer: 0
  m_Name: mixamorig:RightToeBase
  m_TagString: Untagged
  m_Icon: {fileID: 0}
  m_NavMeshLayer: 0
  m_StaticEditorFlags: 0
  m_IsActive: 1
--- !u!4 &2833251341349442475
Transform:
  m_ObjectHideFlags: 0
  m_CorrespondingSourceObject: {fileID: 0}
  m_PrefabInstance: {fileID: 0}
  m_PrefabAsset: {fileID: 0}
  m_GameObject: {fileID: 4465708250991994260}
  serializedVersion: 2
  m_LocalRotation: {x: 0.37403682, y: 0.089769214, z: 0.026101992, w: 0.9226899}
  m_LocalPosition: {x: -7.105427e-17, y: 0.23784927, z: 1.2434498e-16}
  m_LocalScale: {x: 1, y: 1, z: 1}
  m_ConstrainProportionsScale: 0
  m_Children:
  - {fileID: 6957057282247504649}
  m_Father: {fileID: 529515734697108351}
  m_LocalEulerAnglesHint: {x: 0, y: 0, z: 0}
--- !u!1 &4754994336496466910
GameObject:
  m_ObjectHideFlags: 0
  m_CorrespondingSourceObject: {fileID: 0}
  m_PrefabInstance: {fileID: 0}
  m_PrefabAsset: {fileID: 0}
  serializedVersion: 6
  m_Component:
  - component: {fileID: 737724791805908332}
  m_Layer: 0
  m_Name: mixamorig:Spine2
  m_TagString: Untagged
  m_Icon: {fileID: 0}
  m_NavMeshLayer: 0
  m_StaticEditorFlags: 0
  m_IsActive: 1
--- !u!4 &737724791805908332
Transform:
  m_ObjectHideFlags: 0
  m_CorrespondingSourceObject: {fileID: 0}
  m_PrefabInstance: {fileID: 0}
  m_PrefabAsset: {fileID: 0}
  m_GameObject: {fileID: 4754994336496466910}
  serializedVersion: 2
  m_LocalRotation: {x: -0.017830472, y: 3.717918e-21, z: 2.7061789e-20, w: 0.99984103}
  m_LocalPosition: {x: 9.7908233e-14, y: 0.10089534, z: 4.1744386e-16}
  m_LocalScale: {x: 1, y: 1, z: 1}
  m_ConstrainProportionsScale: 0
  m_Children:
  - {fileID: 3368217523291080183}
  - {fileID: 6144162364157827345}
  - {fileID: 7860094668227771550}
  m_Father: {fileID: 2271970077439927559}
  m_LocalEulerAnglesHint: {x: 0, y: 0, z: 0}
--- !u!1 &4930829250889799573
GameObject:
  m_ObjectHideFlags: 0
  m_CorrespondingSourceObject: {fileID: 0}
  m_PrefabInstance: {fileID: 0}
  m_PrefabAsset: {fileID: 0}
  serializedVersion: 6
  m_Component:
  - component: {fileID: 8796118990266388989}
  m_Layer: 0
  m_Name: mixamorig:RightHandThumb1
  m_TagString: Untagged
  m_Icon: {fileID: 0}
  m_NavMeshLayer: 0
  m_StaticEditorFlags: 0
  m_IsActive: 1
--- !u!4 &8796118990266388989
Transform:
  m_ObjectHideFlags: 0
  m_CorrespondingSourceObject: {fileID: 0}
  m_PrefabInstance: {fileID: 0}
  m_PrefabAsset: {fileID: 0}
  m_GameObject: {fileID: 4930829250889799573}
  serializedVersion: 2
  m_LocalRotation: {x: 0.24865659, y: -0.058690693, z: 0.22211726, w: 0.9409512}
  m_LocalPosition: {x: -0.047730386, y: 0.10394019, z: 0.037881006}
  m_LocalScale: {x: 1, y: 1, z: 1}
  m_ConstrainProportionsScale: 0
  m_Children:
  - {fileID: 8989801014282304926}
  m_Father: {fileID: 1629645970965838539}
  m_LocalEulerAnglesHint: {x: 0, y: 0, z: 0}
--- !u!1 &5442980001338695263
GameObject:
  m_ObjectHideFlags: 0
  m_CorrespondingSourceObject: {fileID: 0}
  m_PrefabInstance: {fileID: 0}
  m_PrefabAsset: {fileID: 0}
  serializedVersion: 6
  m_Component:
  - component: {fileID: 2860209068394018072}
  m_Layer: 0
  m_Name: mixamorig:LeftHandThumb4
  m_TagString: Untagged
  m_Icon: {fileID: 0}
  m_NavMeshLayer: 0
  m_StaticEditorFlags: 0
  m_IsActive: 1
--- !u!4 &2860209068394018072
Transform:
  m_ObjectHideFlags: 0
  m_CorrespondingSourceObject: {fileID: 0}
  m_PrefabInstance: {fileID: 0}
  m_PrefabAsset: {fileID: 0}
  m_GameObject: {fileID: 5442980001338695263}
  serializedVersion: 2
  m_LocalRotation: {x: 0.009150262, y: -0.12563874, z: -0.072078414, w: 0.9894119}
  m_LocalPosition: {x: 2.3590018e-14, y: 0.04412881, z: -2.3590018e-14}
  m_LocalScale: {x: 1, y: 1, z: 1}
  m_ConstrainProportionsScale: 0
  m_Children: []
  m_Father: {fileID: 106135258783668405}
  m_LocalEulerAnglesHint: {x: 0, y: 0, z: 0}
--- !u!1 &5504511120651913916
GameObject:
  m_ObjectHideFlags: 0
  m_CorrespondingSourceObject: {fileID: 0}
  m_PrefabInstance: {fileID: 0}
  m_PrefabAsset: {fileID: 0}
  serializedVersion: 6
  m_Component:
  - component: {fileID: 3490373791497155223}
  m_Layer: 0
  m_Name: mixamorig:Reye
  m_TagString: Untagged
  m_Icon: {fileID: 0}
  m_NavMeshLayer: 0
  m_StaticEditorFlags: 0
  m_IsActive: 1
--- !u!4 &3490373791497155223
Transform:
  m_ObjectHideFlags: 0
  m_CorrespondingSourceObject: {fileID: 0}
  m_PrefabInstance: {fileID: 0}
  m_PrefabAsset: {fileID: 0}
  m_GameObject: {fileID: 5504511120651913916}
  serializedVersion: 2
  m_LocalRotation: {x: 0, y: -0, z: -0, w: 1}
  m_LocalPosition: {x: 0.052439068, y: 0.17465423, z: 0.107966624}
  m_LocalScale: {x: 1, y: 1, z: 1}
  m_ConstrainProportionsScale: 0
  m_Children: []
  m_Father: {fileID: 6831447302339768427}
  m_LocalEulerAnglesHint: {x: 0, y: 0, z: 0}
--- !u!1 &5545941786633644107
GameObject:
  m_ObjectHideFlags: 0
  m_CorrespondingSourceObject: {fileID: 0}
  m_PrefabInstance: {fileID: 0}
  m_PrefabAsset: {fileID: 0}
  serializedVersion: 6
  m_Component:
  - component: {fileID: 4839924160662424537}
  m_Layer: 0
  m_Name: mixamorig:RightLeg
  m_TagString: Untagged
  m_Icon: {fileID: 0}
  m_NavMeshLayer: 0
  m_StaticEditorFlags: 0
  m_IsActive: 1
--- !u!4 &4839924160662424537
Transform:
  m_ObjectHideFlags: 0
  m_CorrespondingSourceObject: {fileID: 0}
  m_PrefabInstance: {fileID: 0}
  m_PrefabAsset: {fileID: 0}
  m_GameObject: {fileID: 5545941786633644107}
  serializedVersion: 2
  m_LocalRotation: {x: -0.12365283, y: 0.006366989, z: 0.00034665145, w: 0.9923051}
  m_LocalPosition: {x: -7.105427e-17, y: 0.35904017, z: 3.5527136e-17}
  m_LocalScale: {x: 1, y: 1, z: 1}
  m_ConstrainProportionsScale: 0
  m_Children:
  - {fileID: 529515734697108351}
  m_Father: {fileID: 9112889558729225539}
  m_LocalEulerAnglesHint: {x: 0, y: 0, z: 0}
--- !u!1 &6485957975876071816
GameObject:
  m_ObjectHideFlags: 0
  m_CorrespondingSourceObject: {fileID: 0}
  m_PrefabInstance: {fileID: 0}
  m_PrefabAsset: {fileID: 0}
  serializedVersion: 6
  m_Component:
  - component: {fileID: 9112889558729225539}
  m_Layer: 0
  m_Name: mixamorig:RightUpLeg
  m_TagString: Untagged
  m_Icon: {fileID: 0}
  m_NavMeshLayer: 0
  m_StaticEditorFlags: 0
  m_IsActive: 1
--- !u!4 &9112889558729225539
Transform:
  m_ObjectHideFlags: 0
  m_CorrespondingSourceObject: {fileID: 0}
  m_PrefabInstance: {fileID: 0}
  m_PrefabAsset: {fileID: 0}
  m_GameObject: {fileID: 6485957975876071816}
  serializedVersion: 2
  m_LocalRotation: {x: 0.002970166, y: 0.063588455, z: 0.9979717, w: 0.00040382802}
  m_LocalPosition: {x: 0.13025905, y: -0.07109797, z: 0.01068628}
  m_LocalScale: {x: 1, y: 1, z: 1}
  m_ConstrainProportionsScale: 0
  m_Children:
  - {fileID: 4839924160662424537}
  m_Father: {fileID: 4968294042737066620}
  m_LocalEulerAnglesHint: {x: 0, y: 0, z: 0}
--- !u!1 &6952912858896934944
GameObject:
  m_ObjectHideFlags: 0
  m_CorrespondingSourceObject: {fileID: 0}
  m_PrefabInstance: {fileID: 0}
  m_PrefabAsset: {fileID: 0}
  serializedVersion: 6
  m_Component:
  - component: {fileID: 6957057282247504649}
  m_Layer: 0
  m_Name: mixamorig:RightToe_End
  m_TagString: Untagged
  m_Icon: {fileID: 0}
  m_NavMeshLayer: 0
  m_StaticEditorFlags: 0
  m_IsActive: 1
--- !u!4 &6957057282247504649
Transform:
  m_ObjectHideFlags: 0
  m_CorrespondingSourceObject: {fileID: 0}
  m_PrefabInstance: {fileID: 0}
  m_PrefabAsset: {fileID: 0}
  m_GameObject: {fileID: 6952912858896934944}
  serializedVersion: 2
  m_LocalRotation: {x: 2.2551405e-16, y: 4.1633363e-16, z: -9.367507e-17, w: 1}
  m_LocalPosition: {x: -0, y: 0.13383047, z: 4.2188474e-17}
  m_LocalScale: {x: 1, y: 1, z: 1}
  m_ConstrainProportionsScale: 0
  m_Children: []
  m_Father: {fileID: 2833251341349442475}
  m_LocalEulerAnglesHint: {x: 0, y: 0, z: 0}
--- !u!1 &7260560259356655854
GameObject:
  m_ObjectHideFlags: 0
  m_CorrespondingSourceObject: {fileID: 0}
  m_PrefabInstance: {fileID: 0}
  m_PrefabAsset: {fileID: 0}
  serializedVersion: 6
  m_Component:
  - component: {fileID: 5270960674967013717}
  m_Layer: 0
  m_Name: mixamorig:LeftHandThumb1
  m_TagString: Untagged
  m_Icon: {fileID: 0}
  m_NavMeshLayer: 0
  m_StaticEditorFlags: 0
  m_IsActive: 1
--- !u!4 &5270960674967013717
Transform:
  m_ObjectHideFlags: 0
  m_CorrespondingSourceObject: {fileID: 0}
  m_PrefabInstance: {fileID: 0}
  m_PrefabAsset: {fileID: 0}
  m_GameObject: {fileID: 7260560259356655854}
  serializedVersion: 2
  m_LocalRotation: {x: 0.24862078, y: 0.05868114, z: -0.22211894, w: 0.94096094}
  m_LocalPosition: {x: 0.07403536, y: 0.10426578, z: 0.03702016}
  m_LocalScale: {x: 1, y: 1, z: 1}
  m_ConstrainProportionsScale: 0
  m_Children:
  - {fileID: 3457703842175788249}
  m_Father: {fileID: 6130633284525871296}
  m_LocalEulerAnglesHint: {x: 0, y: 0, z: 0}
--- !u!1 &7454597888277105986
GameObject:
  m_ObjectHideFlags: 0
  m_CorrespondingSourceObject: {fileID: 0}
  m_PrefabInstance: {fileID: 0}
  m_PrefabAsset: {fileID: 0}
  serializedVersion: 6
  m_Component:
  - component: {fileID: 3977118354797539451}
  m_Layer: 0
  m_Name: mixamorig:LeftToe_End
  m_TagString: Untagged
  m_Icon: {fileID: 0}
  m_NavMeshLayer: 0
  m_StaticEditorFlags: 0
  m_IsActive: 1
--- !u!4 &3977118354797539451
Transform:
  m_ObjectHideFlags: 0
  m_CorrespondingSourceObject: {fileID: 0}
  m_PrefabInstance: {fileID: 0}
  m_PrefabAsset: {fileID: 0}
  m_GameObject: {fileID: 7454597888277105986}
  serializedVersion: 2
  m_LocalRotation: {x: -3.1571967e-16, y: -1.9428903e-16, z: -4.1633363e-17, w: 1}
  m_LocalPosition: {x: 1.7763568e-17, y: 0.13383049, z: -3.2196467e-17}
  m_LocalScale: {x: 1, y: 1, z: 1}
  m_ConstrainProportionsScale: 0
  m_Children: []
  m_Father: {fileID: 6243286037530310061}
  m_LocalEulerAnglesHint: {x: 0, y: 0, z: 0}
--- !u!1 &7525338188801640039
GameObject:
  m_ObjectHideFlags: 0
  m_CorrespondingSourceObject: {fileID: 0}
  m_PrefabInstance: {fileID: 0}
  m_PrefabAsset: {fileID: 0}
  serializedVersion: 6
  m_Component:
  - component: {fileID: 6831447302339768427}
  m_Layer: 0
  m_Name: mixamorig:Head
  m_TagString: Untagged
  m_Icon: {fileID: 0}
  m_NavMeshLayer: 0
  m_StaticEditorFlags: 0
  m_IsActive: 1
--- !u!4 &6831447302339768427
Transform:
  m_ObjectHideFlags: 0
  m_CorrespondingSourceObject: {fileID: 0}
  m_PrefabInstance: {fileID: 0}
  m_PrefabAsset: {fileID: 0}
  m_GameObject: {fileID: 7525338188801640039}
  serializedVersion: 2
  m_LocalRotation: {x: 0, y: -0, z: -2.6242535e-36, w: 1}
  m_LocalPosition: {x: 3.8818934e-10, y: 0.08300674, z: 0.03339198}
  m_LocalScale: {x: 1, y: 1, z: 1}
  m_ConstrainProportionsScale: 0
  m_Children:
  - {fileID: 8617464193313420421}
  - {fileID: 7679835899377205519}
  - {fileID: 3490373791497155223}
  m_Father: {fileID: 6144162364157827345}
  m_LocalEulerAnglesHint: {x: 0, y: 0, z: 0}
--- !u!1 &7572895070418215075
GameObject:
  m_ObjectHideFlags: 0
  m_CorrespondingSourceObject: {fileID: 0}
  m_PrefabInstance: {fileID: 0}
  m_PrefabAsset: {fileID: 0}
  serializedVersion: 6
  m_Component:
  - component: {fileID: 3457703842175788249}
  m_Layer: 0
  m_Name: mixamorig:LeftHandThumb2
  m_TagString: Untagged
  m_Icon: {fileID: 0}
  m_NavMeshLayer: 0
  m_StaticEditorFlags: 0
  m_IsActive: 1
--- !u!4 &3457703842175788249
Transform:
  m_ObjectHideFlags: 0
  m_CorrespondingSourceObject: {fileID: 0}
  m_PrefabInstance: {fileID: 0}
  m_PrefabAsset: {fileID: 0}
  m_GameObject: {fileID: 7572895070418215075}
  serializedVersion: 2
  m_LocalRotation: {x: -0.000000007998109, y: -0.000000022741093, z: 0.0000002979663, w: 1}
  m_LocalPosition: {x: 2.6973978e-14, y: 0.050498445, z: -2.6147971e-14}
  m_LocalScale: {x: 1, y: 1, z: 1}
  m_ConstrainProportionsScale: 0
  m_Children:
  - {fileID: 106135258783668405}
  m_Father: {fileID: 5270960674967013717}
  m_LocalEulerAnglesHint: {x: 0, y: 0, z: 0}
--- !u!1 &7798339514105545143
GameObject:
  m_ObjectHideFlags: 0
  m_CorrespondingSourceObject: {fileID: 0}
  m_PrefabInstance: {fileID: 0}
  m_PrefabAsset: {fileID: 0}
  serializedVersion: 6
  m_Component:
  - component: {fileID: 3436412641032346418}
  m_Layer: 0
  m_Name: mixamorig:LeftFoot
  m_TagString: Untagged
  m_Icon: {fileID: 0}
  m_NavMeshLayer: 0
  m_StaticEditorFlags: 0
  m_IsActive: 1
--- !u!4 &3436412641032346418
Transform:
  m_ObjectHideFlags: 0
  m_CorrespondingSourceObject: {fileID: 0}
  m_PrefabInstance: {fileID: 0}
  m_PrefabAsset: {fileID: 0}
  m_GameObject: {fileID: 7798339514105545143}
  serializedVersion: 2
  m_LocalRotation: {x: 0.44883052, y: -0.008502259, z: -0.03762369, w: 0.89278406}
  m_LocalPosition: {x: -3.5527136e-17, y: 0.40577447, z: 5.3290704e-17}
  m_LocalScale: {x: 1, y: 1, z: 1}
  m_ConstrainProportionsScale: 0
  m_Children:
  - {fileID: 6243286037530310061}
  m_Father: {fileID: 7788593127760847838}
  m_LocalEulerAnglesHint: {x: 0, y: 0, z: 0}
--- !u!1 &8215629776154372356
GameObject:
  m_ObjectHideFlags: 0
  m_CorrespondingSourceObject: {fileID: 0}
  m_PrefabInstance: {fileID: 0}
  m_PrefabAsset: {fileID: 0}
  serializedVersion: 6
  m_Component:
  - component: {fileID: 2271970077439927559}
  m_Layer: 0
  m_Name: mixamorig:Spine1
  m_TagString: Untagged
  m_Icon: {fileID: 0}
  m_NavMeshLayer: 0
  m_StaticEditorFlags: 0
  m_IsActive: 1
--- !u!4 &2271970077439927559
Transform:
  m_ObjectHideFlags: 0
  m_CorrespondingSourceObject: {fileID: 0}
  m_PrefabInstance: {fileID: 0}
  m_PrefabAsset: {fileID: 0}
  m_GameObject: {fileID: 8215629776154372356}
  serializedVersion: 2
  m_LocalRotation: {x: 0.012704773, y: -3.0824505e-14, z: 1.9752021e-13, w: 0.9999193}
  m_LocalPosition: {x: 3.1601905e-13, y: 0.10372622, z: -1.9984014e-17}
  m_LocalScale: {x: 1, y: 1, z: 1}
  m_ConstrainProportionsScale: 0
  m_Children:
  - {fileID: 737724791805908332}
  m_Father: {fileID: 4655056034677797359}
  m_LocalEulerAnglesHint: {x: 0, y: 0, z: 0}
--- !u!1 &8316706426134879111
GameObject:
  m_ObjectHideFlags: 0
  m_CorrespondingSourceObject: {fileID: 0}
  m_PrefabInstance: {fileID: 0}
  m_PrefabAsset: {fileID: 0}
  serializedVersion: 6
  m_Component:
  - component: {fileID: 8989801014282304926}
  m_Layer: 0
  m_Name: mixamorig:RightHandThumb2
  m_TagString: Untagged
  m_Icon: {fileID: 0}
  m_NavMeshLayer: 0
  m_StaticEditorFlags: 0
  m_IsActive: 1
--- !u!4 &8989801014282304926
Transform:
  m_ObjectHideFlags: 0
  m_CorrespondingSourceObject: {fileID: 0}
  m_PrefabInstance: {fileID: 0}
  m_PrefabAsset: {fileID: 0}
  m_GameObject: {fileID: 8316706426134879111}
  serializedVersion: 2
  m_LocalRotation: {x: 0.00000006651894, y: -0.0000000039941694, z: -0.000000059497562, w: 1}
  m_LocalPosition: {x: 3.375078e-16, y: 0.05770444, z: -2.842171e-16}
  m_LocalScale: {x: 1, y: 1, z: 1}
  m_ConstrainProportionsScale: 0
  m_Children:
  - {fileID: 1505946042921055257}
  m_Father: {fileID: 8796118990266388989}
  m_LocalEulerAnglesHint: {x: 0, y: 0, z: 0}
--- !u!1 &8421461547873286908
GameObject:
  m_ObjectHideFlags: 0
  m_CorrespondingSourceObject: {fileID: 0}
  m_PrefabInstance: {fileID: 0}
  m_PrefabAsset: {fileID: 0}
  serializedVersion: 6
  m_Component:
  - component: {fileID: 3223267004733141163}
  m_Layer: 0
  m_Name: mixamorig:RightForeArm
  m_TagString: Untagged
  m_Icon: {fileID: 0}
  m_NavMeshLayer: 0
  m_StaticEditorFlags: 0
  m_IsActive: 1
--- !u!4 &3223267004733141163
Transform:
  m_ObjectHideFlags: 0
  m_CorrespondingSourceObject: {fileID: 0}
  m_PrefabInstance: {fileID: 0}
  m_PrefabAsset: {fileID: 0}
  m_GameObject: {fileID: 8421461547873286908}
  serializedVersion: 2
  m_LocalRotation: {x: 0.00000013860854, y: -0.000030334919, z: 0.0000011607267, w: 1}
  m_LocalPosition: {x: 8.881784e-18, y: 0.32327598, z: -2.842171e-16}
  m_LocalScale: {x: 1, y: 1, z: 1}
  m_ConstrainProportionsScale: 0
  m_Children:
  - {fileID: 1629645970965838539}
  m_Father: {fileID: 6660186568915589638}
  m_LocalEulerAnglesHint: {x: 0, y: 0, z: 0}
--- !u!1 &8464373644448215168
GameObject:
  m_ObjectHideFlags: 0
  m_CorrespondingSourceObject: {fileID: 0}
  m_PrefabInstance: {fileID: 0}
  m_PrefabAsset: {fileID: 0}
  serializedVersion: 6
  m_Component:
  - component: {fileID: 6878595681051612731}
  m_Layer: 0
  m_Name: mixamorig:LeftArm
  m_TagString: Untagged
  m_Icon: {fileID: 0}
  m_NavMeshLayer: 0
  m_StaticEditorFlags: 0
  m_IsActive: 1
--- !u!4 &6878595681051612731
Transform:
  m_ObjectHideFlags: 0
  m_CorrespondingSourceObject: {fileID: 0}
  m_PrefabInstance: {fileID: 0}
  m_PrefabAsset: {fileID: 0}
  m_GameObject: {fileID: 8464373644448215168}
  serializedVersion: 2
  m_LocalRotation: {x: -0.23693106, y: 0.0008933308, z: -0.0036637178, w: 0.9715192}
  m_LocalPosition: {x: 3.5527136e-17, y: 0.11940456, z: 1.1368684e-15}
  m_LocalScale: {x: 1, y: 1, z: 1}
  m_ConstrainProportionsScale: 0
  m_Children:
  - {fileID: 7637901286177340410}
  m_Father: {fileID: 3368217523291080183}
  m_LocalEulerAnglesHint: {x: 0, y: 0, z: 0}
--- !u!1 &8609744348531173420
GameObject:
  m_ObjectHideFlags: 0
  m_CorrespondingSourceObject: {fileID: 0}
  m_PrefabInstance: {fileID: 0}
  m_PrefabAsset: {fileID: 0}
  serializedVersion: 6
  m_Component:
  - component: {fileID: 7299633784690780491}
  m_Layer: 0
  m_Name: mixamorig:LeftHandIndex2
  m_TagString: Untagged
  m_Icon: {fileID: 0}
  m_NavMeshLayer: 0
  m_StaticEditorFlags: 0
  m_IsActive: 1
--- !u!4 &7299633784690780491
Transform:
  m_ObjectHideFlags: 0
  m_CorrespondingSourceObject: {fileID: 0}
  m_PrefabInstance: {fileID: 0}
  m_PrefabAsset: {fileID: 0}
  m_GameObject: {fileID: 8609744348531173420}
  serializedVersion: 2
  m_LocalRotation: {x: -0.00000012619543, y: 0.00000004471232, z: -0.00000013569048, w: 1}
  m_LocalPosition: {x: -4.352074e-16, y: 0.051461637, z: -5.6843415e-15}
  m_LocalScale: {x: 1, y: 1, z: 1}
  m_ConstrainProportionsScale: 0
  m_Children:
  - {fileID: 7581558103487093560}
  m_Father: {fileID: 2116636372732677871}
  m_LocalEulerAnglesHint: {x: 0, y: 0, z: 0}
--- !u!1 &8843450020773711248
GameObject:
  m_ObjectHideFlags: 0
  m_CorrespondingSourceObject: {fileID: 0}
  m_PrefabInstance: {fileID: 0}
  m_PrefabAsset: {fileID: 0}
  serializedVersion: 6
  m_Component:
  - component: {fileID: 529515734697108351}
  m_Layer: 0
  m_Name: mixamorig:RightFoot
  m_TagString: Untagged
  m_Icon: {fileID: 0}
  m_NavMeshLayer: 0
  m_StaticEditorFlags: 0
  m_IsActive: 1
--- !u!4 &529515734697108351
Transform:
  m_ObjectHideFlags: 0
  m_CorrespondingSourceObject: {fileID: 0}
  m_PrefabInstance: {fileID: 0}
  m_PrefabAsset: {fileID: 0}
  m_GameObject: {fileID: 8843450020773711248}
  serializedVersion: 2
  m_LocalRotation: {x: 0.44883013, y: 0.008676671, z: 0.037559655, w: 0.89278525}
  m_LocalPosition: {x: -2.1316282e-16, y: 0.40577444, z: -1.3322676e-16}
  m_LocalScale: {x: 1, y: 1, z: 1}
  m_ConstrainProportionsScale: 0
  m_Children:
  - {fileID: 2833251341349442475}
  m_Father: {fileID: 4839924160662424537}
  m_LocalEulerAnglesHint: {x: 0, y: 0, z: 0}
--- !u!1001 &57509710764087897
PrefabInstance:
  m_ObjectHideFlags: 0
  serializedVersion: 2
  m_Modification:
    serializedVersion: 3
    m_TransformParent: {fileID: 622270630527902440}
    m_Modifications:
    - target: {fileID: 1354596515414893945, guid: 3b08e5a8d50e5e146b7468ae7cf69025, type: 3}
      propertyPath: m_LocalPosition.x
      value: -3.168621
      objectReference: {fileID: 0}
    - target: {fileID: 1354596515414893945, guid: 3b08e5a8d50e5e146b7468ae7cf69025, type: 3}
      propertyPath: m_LocalPosition.y
      value: -0.01999998
      objectReference: {fileID: 0}
    - target: {fileID: 1354596515414893945, guid: 3b08e5a8d50e5e146b7468ae7cf69025, type: 3}
      propertyPath: m_LocalPosition.z
      value: -5.0481133
      objectReference: {fileID: 0}
    - target: {fileID: 1354596515414893945, guid: 3b08e5a8d50e5e146b7468ae7cf69025, type: 3}
      propertyPath: m_LocalRotation.w
      value: 1
      objectReference: {fileID: 0}
    - target: {fileID: 1354596515414893945, guid: 3b08e5a8d50e5e146b7468ae7cf69025, type: 3}
      propertyPath: m_LocalRotation.x
      value: -0
      objectReference: {fileID: 0}
    - target: {fileID: 1354596515414893945, guid: 3b08e5a8d50e5e146b7468ae7cf69025, type: 3}
      propertyPath: m_LocalRotation.y
      value: -0
      objectReference: {fileID: 0}
    - target: {fileID: 1354596515414893945, guid: 3b08e5a8d50e5e146b7468ae7cf69025, type: 3}
      propertyPath: m_LocalRotation.z
      value: -0
      objectReference: {fileID: 0}
    - target: {fileID: 1354596515414893945, guid: 3b08e5a8d50e5e146b7468ae7cf69025, type: 3}
      propertyPath: m_LocalEulerAnglesHint.x
      value: 0
      objectReference: {fileID: 0}
    - target: {fileID: 1354596515414893945, guid: 3b08e5a8d50e5e146b7468ae7cf69025, type: 3}
      propertyPath: m_LocalEulerAnglesHint.y
      value: 0
      objectReference: {fileID: 0}
    - target: {fileID: 1354596515414893945, guid: 3b08e5a8d50e5e146b7468ae7cf69025, type: 3}
      propertyPath: m_LocalEulerAnglesHint.z
      value: 0
      objectReference: {fileID: 0}
    - target: {fileID: 1688561288924045440, guid: 3b08e5a8d50e5e146b7468ae7cf69025, type: 3}
      propertyPath: m_Follow
      value: 
      objectReference: {fileID: 2500277292683704629}
    - target: {fileID: 1688561288924045440, guid: 3b08e5a8d50e5e146b7468ae7cf69025, type: 3}
      propertyPath: m_LookAt
      value: 
      objectReference: {fileID: 2500277292683704629}
    - target: {fileID: 1918095502549393659, guid: 3b08e5a8d50e5e146b7468ae7cf69025, type: 3}
      propertyPath: m_LocalPosition.z
      value: 0
      objectReference: {fileID: 0}
    - target: {fileID: 1918095502549393659, guid: 3b08e5a8d50e5e146b7468ae7cf69025, type: 3}
      propertyPath: m_LocalRotation.x
      value: 0.1387012
      objectReference: {fileID: 0}
    - target: {fileID: 1918095502549393659, guid: 3b08e5a8d50e5e146b7468ae7cf69025, type: 3}
      propertyPath: m_LocalRotation.y
      value: -1e-45
      objectReference: {fileID: 0}
    - target: {fileID: 1918095502549393659, guid: 3b08e5a8d50e5e146b7468ae7cf69025, type: 3}
      propertyPath: m_LocalRotation.z
      value: -0
      objectReference: {fileID: 0}
    - target: {fileID: 2350584266497136126, guid: 3b08e5a8d50e5e146b7468ae7cf69025, type: 3}
      propertyPath: m_LocalRotation.w
      value: 0.994719
      objectReference: {fileID: 0}
    - target: {fileID: 2350584266497136126, guid: 3b08e5a8d50e5e146b7468ae7cf69025, type: 3}
      propertyPath: m_LocalRotation.x
      value: 0.10263582
      objectReference: {fileID: 0}
    - target: {fileID: 2350584266497136126, guid: 3b08e5a8d50e5e146b7468ae7cf69025, type: 3}
      propertyPath: m_LocalRotation.y
      value: -0.000000004278879
      objectReference: {fileID: 0}
    - target: {fileID: 2350584266497136126, guid: 3b08e5a8d50e5e146b7468ae7cf69025, type: 3}
      propertyPath: m_LocalRotation.z
      value: 4.4149776e-10
      objectReference: {fileID: 0}
    - target: {fileID: 3611736903632391505, guid: 3b08e5a8d50e5e146b7468ae7cf69025, type: 3}
      propertyPath: m_LocalPosition.x
      value: 3.168621
      objectReference: {fileID: 0}
    - target: {fileID: 3611736903632391505, guid: 3b08e5a8d50e5e146b7468ae7cf69025, type: 3}
      propertyPath: m_LocalPosition.y
      value: 2.82
      objectReference: {fileID: 0}
    - target: {fileID: 3611736903632391505, guid: 3b08e5a8d50e5e146b7468ae7cf69025, type: 3}
      propertyPath: m_LocalPosition.z
      value: -1.9518867
      objectReference: {fileID: 0}
    - target: {fileID: 5415150460075709743, guid: 3b08e5a8d50e5e146b7468ae7cf69025, type: 3}
      propertyPath: m_Enabled
      value: 0
      objectReference: {fileID: 0}
    - target: {fileID: 5765169590518364902, guid: 3b08e5a8d50e5e146b7468ae7cf69025, type: 3}
      propertyPath: m_LocalPosition.x
      value: 3.168621
      objectReference: {fileID: 0}
    - target: {fileID: 5765169590518364902, guid: 3b08e5a8d50e5e146b7468ae7cf69025, type: 3}
      propertyPath: m_LocalPosition.y
      value: 2.82
      objectReference: {fileID: 0}
    - target: {fileID: 5765169590518364902, guid: 3b08e5a8d50e5e146b7468ae7cf69025, type: 3}
      propertyPath: m_LocalPosition.z
      value: -1.9518867
      objectReference: {fileID: 0}
    - target: {fileID: 5765169590518364902, guid: 3b08e5a8d50e5e146b7468ae7cf69025, type: 3}
      propertyPath: m_LocalRotation.x
      value: 0.1206646
      objectReference: {fileID: 0}
    - target: {fileID: 5765169590518364902, guid: 3b08e5a8d50e5e146b7468ae7cf69025, type: 3}
      propertyPath: m_LocalRotation.y
      value: -0.000000004270165
      objectReference: {fileID: 0}
    - target: {fileID: 5765169590518364902, guid: 3b08e5a8d50e5e146b7468ae7cf69025, type: 3}
      propertyPath: m_LocalRotation.z
      value: 5.1905025e-10
      objectReference: {fileID: 0}
    - target: {fileID: 6640946670199799814, guid: 3b08e5a8d50e5e146b7468ae7cf69025, type: 3}
      propertyPath: m_Name
      value: PlayerCamera
      objectReference: {fileID: 0}
    - target: {fileID: 7287910398258891243, guid: 3b08e5a8d50e5e146b7468ae7cf69025, type: 3}
      propertyPath: m_LocalRotation.y
      value: -0.0000000042701647
      objectReference: {fileID: 0}
    - target: {fileID: 7287910398258891243, guid: 3b08e5a8d50e5e146b7468ae7cf69025, type: 3}
      propertyPath: m_LocalRotation.z
      value: 5.1905025e-10
      objectReference: {fileID: 0}
    m_RemovedComponents: []
    m_RemovedGameObjects: []
    m_AddedGameObjects: []
    m_AddedComponents: []
  m_SourcePrefab: {fileID: 100100000, guid: 3b08e5a8d50e5e146b7468ae7cf69025, type: 3}
--- !u!4 &1297087942018465568 stripped
Transform:
  m_CorrespondingSourceObject: {fileID: 1354596515414893945, guid: 3b08e5a8d50e5e146b7468ae7cf69025, type: 3}
  m_PrefabInstance: {fileID: 57509710764087897}
  m_PrefabAsset: {fileID: 0}
--- !u!114 &1703109758467291865 stripped
MonoBehaviour:
  m_CorrespondingSourceObject: {fileID: 1688561288924045440, guid: 3b08e5a8d50e5e146b7468ae7cf69025, type: 3}
  m_PrefabInstance: {fileID: 57509710764087897}
  m_PrefabAsset: {fileID: 0}
  m_GameObject: {fileID: 0}
  m_Enabled: 1
  m_EditorHideFlags: 0
  m_Script: {fileID: 11500000, guid: 319d2fe34a804e245819465c9505ea59, type: 3}
  m_Name: 
  m_EditorClassIdentifier: 
